@Misc{ Driller,
	author = "Mental Driller",
	title = "Interview with The Mental Driller/29A",
	month = "Março",
	year = "2002",
	abstract = "Entrevista com um dos grandes criadores de vírus contemporâneo. Mental Driller foi quem criou o primeiro vírus metamórfico, conhecido como W32/Smile",
	citeseerurl = "http://en.wikipedia.org/w/index.php?title=Simile_(computer_virus)&oldid=485028155",
	url = "http://www.thehackademy.net/madchat/vxdevl/interviews/mentaldriller%2301.txt"
}

@Book{ Ludwig,
	title = "The Giant Black Book of Computer Viruses",
	publisher = "American Eagle Publications, Inc",
	year = "1995",
	author = "Mark A. Ludwig",
	address = "Post Office Box 1507. Show Low, Arizona",
	edition = "1"
}

@Electronic{ Aurelio:1,
	author = "Aurélio Buarque de Holanda Ferreira",
	title = "Dicionário {A}urélio Online",
	language = "Português",
	url = "http://www.dicionariodoaurelio.com/",
	timestamp = "2013.02.16"
}

@Electronic{ Szor:1,
	author = "Peter Szor",
	title = "Hunting For Metamorphic",
	language = "English",
	organization = "Symantec Corp.",
	url = "http://www.symantec.com/avcenter/reference/hunting.for.metamorphic.pdf",
	timestamp = "2012.04.12"
}

@Book{ Szor,
	title = "The Art of Computer Virus Research and Defense",
	publisher = "Addison Wesley Professional",
	year = "2005",
	author = "Peter Szor",
	pages = "744",
	month = "Fevereiro",
	isbn = "0-321-30454-3",
	organization = "Symantec Corp."
}

@article {Szor:2,
	author = "Peter Szor",
	title = "Drill Seeker",
	language = "English",
	journal = "Virus Bulletin",
	Year = "2001",
	Month = "Janeiro",
	url = "http://www.peterszor.com/drill.pdf",
	timestamp = "2012.04.12"
}

@article {Szor:3,
	author = "Peter Szor",
	title = "Virus analysis: The Invirsible Man",
	language = "English",
	journal = "Virus Bulletin",
	Year = "2000",
	Month = "Maio",
	url = "http://www.peterszor.com/invirs.pdf"
}

@Misc{ludvig:1,
	author = "Michal Ludvig",
	title = "Intel 80386 Programmer's Reference Manual",
	language = "English",
	Year = "1986",
	url = "http://www.logix.cz/michal/doc/i386/",
	note = "[Online; acessado em 16-Fev-2013]"
}

@Misc{ wiki:1,
	author = "Wikipedia",
	title = "Computer virus --- Wikipedia{,} The Free Encyclopedia",
	year = "2013",
	note = "[Online; acessado em 16-Fev-2012]",
	url = "http://en.wikipedia.org/w/index.php?title=Computer_virus&oldid=486444876",
	note = "[Online; acessado em 16-Abr-2012]"
}

@Misc{ wiki:2,
	author = "Wikipedia",
	title = "Polymorphic code --- Wikipedia{,} The Free Encyclopedia",
	year = "2012",
	url = "http://en.wikipedia.org/w/index.php?title=Polymorphic_code&oldid=487079723",
	note = "[Online; acessado em 16-Abr-2012]"
}

@Misc{ wiki:3,
   author = "Wikipedia",
   title = "Digital watermarking --- Wikipedia{,} The Free Encyclopedia",
   year = "2013",
   url = "http://en.wikipedia.org/w/index.php?title=Digital_watermarking&oldid=537072013",
   note = "[Online; acessado em 16-Fev-2013]"
}

@misc{ wiki:4,
   author = "Wikipédia",
   title = "Sequência pseudoaleatória --- Wikipédia{,} a enciclopédia livre",
   year = "2012",
   url = "http://pt.wikipedia.org/w/index.php?title=Sequ%C3%AAncia_pseudoaleat%C3%B3ria&oldid=30480084",
   note = "[Online; acessado em 16-Fev-2013]"
} 

@Misc{ wiki:5,
   author = "Wikipedia",
   title = "Boot sector --- Wikipedia{,} The Free Encyclopedia",
   year = "2013",
   url = "http://en.wikipedia.org/w/index.php?title=Boot_sector&oldid=537371231",
   note = "[Online; acessado em 16-Fev-2013]"
}

@Misc{ wiki:6,
   author = "Wikipedia",
   title = "Stoned (computer virus) --- Wikipedia{,} The Free Encyclopedia",
   year = "2013",
   url = "http://en.wikipedia.org/w/index.php?title=Stoned_(computer_virus)&oldid=535508972",
   note = "[Online; acessado em 16-Fev-2013]"
}

@Misc{ wiki:7,
   author = "Wikipedia",
   title = "Heuristic analysis --- Wikipedia{,} The Free Encyclopedia",
   year = "2012",
   url = "http://en.wikipedia.org/w/index.php?title=Heuristic_analysis&oldid=529072201",
   note = "[Online; acessado em 16-Fev-2013]"
}

@Misc{ wiki:8,
   author = "Wikipedia",
   title = "1260 (computer virus) --- Wikipedia{,} The Free Encyclopedia",
   year = "2012",
   url = "http://en.wikipedia.org/w/index.php?title=1260_(computer_virus)&oldid=527495020",
   note = "[Online; acessado em 16-Fev-2013]"
}

@misc{ wiki:9,
   author = "Wikipedia",
   title = "Dark Avenger --- Wikipedia{,} The Free Encyclopedia",
   year = "2012",
   url = "http://en.wikipedia.org/w/index.php?title=Dark_Avenger&oldid=513782286",
   note = "[Online; acessado em 16-Fev-2013]"
}

@misc{ wiki:10,
   author = "Wikipedia",
   title = "Debugging --- Wikipedia{,} The Free Encyclopedia",
   year = "2013",
   url = "http://en.wikipedia.org/w/index.php?title=Debugging&oldid=533173326",
   note = "[Online; acessado em 16-Fev-2013]"
}

@misc{ wiki:11,
   author = "Wikipedia",
   title = "Melissa (computer virus) --- Wikipedia{,} The Free Encyclopedia",
   year = "2013",
   url = "http://en.wikipedia.org/w/index.php?title=Melissa_(computer_virus)&oldid=537815781",
   note = "[Online; acessado em 16-Fev-2013]"
}
 
@misc{ wiki:12,
   author = "Wikipedia",
   title = "Mumu (computer worm) --- Wikipedia{,} The Free Encyclopedia",
   year = "2009",
   url = "http://en.wikipedia.org/w/index.php?title=Mumu_(computer_worm)&oldid=314377507",
   note = "[Online; acessado em 16-Fev-2013]"
} 

@misc{ symantec:1,
   title = "Rogue Turning Retrovirus",
   year = "2010",
   organization = "Symantec Corp.",
   url = "http://www.symantec.com/connect/blogs/rogue-turning-retrovirus",
   note = "[Online; acessado em 16-Fev-2013]"
}

@misc{ symantec:2,
   author = "Adrian Marinescu",
   title = "An Analysis of Simile",
   year = "2003",
   organization = "Symantec Corp.",
   url = "http://www.symantec.com/connect/articles/analysis-simile",
   note = "[Online; acessado em 16-Fev-2013]"
}

@misc{ symantec:3,
   author = "Nicolas Falliere",
   title = "Windows Anti-Debug Reference",
   year = "2010",
   organization = "Symantec Corp.",
   url = "http://www.symantec.com/connect/articles/windows-anti-debug-reference",
   note = "[Online; acessado em 16-Fev-2013]"
}

@misc{ symantec:4,
   author = "Brent Graveland",
   title = "The Interesting Case of the Induc Virus",
   year = "2010",
   organization = "Symantec Corp.",
   url = "http://www.symantec.com/connect/blogs/interesting-case-induc-virus",
   note = "[Online; acessado em 16-Fev-2013]"
}

@misc{ symantec:5,
   author = "Gabor Szappanos",
   title = "Polymorphic Macro Viruses, Part One",
   year = "2010",
   organization = "Symantec Corp.",
   url = "http://www.symantec.com/connect/articles/polymorphic-macro-viruses-part-one",
   note = "[Online; acessado em 16-Fev-2013]"
}

@misc{ symantec:6,
   author = "Gabor Szappanos",
   title = "Polymorphic Macro Viruses, Part Two",
   year = "2010",
   organization = "Symantec Corp.",
   url = "http://www.symantec.com/connect/articles/polymorphic-macro-viruses-part-two",
   note = "[Online; acessado em 16-Fev-2013]",
   comment = "Muita coisa interessante aqui: http://craigchamberlain.com/library/malware/"
}

@misc{ symantec:7,
   title = "2012 Norton Study: Consumer Cybercrime Estimated at \$110 Billion Annually",
   year = "2012",
   organization = "Symantec Corp.",
   url = "http://www.symantec.com/about/news/release/article.jsp?prid=20120905_02"
}

@misc{ symantec:8,
   title = "Norton Cybercrime Report",
   year = "2012",
   organization = "Symantec Corp.",
   url = "http://www.norton.com/2012cybercrimereport"
}

@article{ szappanos:1,
   author = "Gabor Szappanos",
   title = "ARE THERE ANY POLYMORPHIC MACRO VIRUSES AT ALL? (...AND WHAT TO DO WITH THEM)",
   language = "English",
   journal = "Virus Bulletin Conference",
   Year = "2002",
   url = "http://craigchamberlain.com/library/malware/Polymorphic%20Macro%20Viruses.pdf",
   note = "[Online; acessado em 16-Fev-2013]",
   comment = "Muita coisa interessante aqui: http://craigchamberlain.com/library/malware/"
}

@misc{ esset:1,
   author = "Robert Lipovsky",
   title = "The Induc Virus is back",
   year = "2011",
   organization = "Esset Corp.",
   url = "http://www.welivesecurity.com/2011/09/14/the-induc-virus-is-back/",
   note = "[Online; acessado em 16-Fev-2013]"
}

@misc{ pferrie:1,
   author = "Peter Ferrie",
   title = "The ultimate Anti-Debugging Reference",
   year = "2011",
   url = "pferrie.host22.com/papers/antidebug.pdf",
   note = "[Online; acessado em 16-Fev-2013]"
}

@INPROCEEDINGS{4630086,
author={Xu Chen and Andersen, J. and Mao, Z.M. and Bailey, M. and Nazario, J.},
booktitle={Dependable Systems and Networks With FTCS and DCC, 2008. DSN 2008. IEEE International Conference on}, title={Towards an understanding of anti-virtualization and anti-debugging behavior in modern malware},
year={2008},
month={junho},
volume={},
number={},
pages={177 -186},
keywords={Computer crime;Computerized monitoring;Ecosystems;Fingerprint recognition;Production systems;Protection;Reconnaissance;Reverse engineering;Taxonomy;Virtual machining;fingerprint identification;invasive software;system monitoring;attack programs;fingerprinting method;malware;reverse engineering;},
doi={10.1109/DSN.2008.4630086},
ISSN={},
comment = "Disponível em web.eecs.umich.edu/~mibailey/publications/dsn08_final.pdf"
}

@Misc{ avg:1,
   title = "Como funciona a análise heurística",
   Year = "2009",
   url = "http://forums.avg.com/pt-pt/avg-forums?sec=thread&act=show&id=371",
   note = "[Online; acessado em 16-Fev-2013]"
}
 
@Misc{ soft:1,
   title = "{EXE} {S}tealth {P}acker",
   url = "http://www.webtoolmaster.com/packer.htm",
   note = "Software comercial para proteção contra engenharia reversa"
}

@Misc{ soft:2,
   title = "{PELock} --- Software copy protection and license key system",
   url = "http://www.pelock.com/products/pelock",
   note = "Software para gerar versões demonstrativas de aplicativos comerciais, com proteção contra engenharia reversa"
}

@Misc{ soft:3,
   title = "Armadillo {E}ngine",
   url = "http://www.siliconrealms.com/additional-info.php",
   note = "Software para proteção contra cópia e engenharia reversa"
}

@Misc{ soft:4,
   title = "{IDAStealth} plugin",
   url = "http://newgre.net/idastealth",
   note = "Plugin (freeware e opensource) para proteger o debugger {IDA} contra várias técnicas anti-debugging, possibilitando desta forma depurar software que usam tais técnicas"
}
  
@Book{ cohen1990a,
	title = "A short course on computer viruses",
	author = "Frederick Cohen",
	publisher = "ASP Press",
	address = "Pittsburgh, PA",
	edition = "2",
	year = "1990",
	isbn = "1878109014"
}

@Book{ cohen1985computer,
	title = "Computer viruses",
	author = "Frederick Cohen",
	publisher = "University of Southern California",
	year = "1985",
	isbn = "1878109022"
}

@Misc{ uolnoticia:1,
    title = "Prejuízo causado por Cibercrime no {B}rasil.",
    note = "[Online; acessado em 16-Fev-2013]",
    url = "http://goo.gl/euHpi"
}

